@article{Sakaki2010,
	title = "Earthquake Shakes Twitter Users: Real-time Event Detection by Social Sensors",
	author = "Takeshi Sakaki and Makoto Okazaki and Yutaka Matsuo",
	year = "2010"
}

@article{Packer2012,
	title = "Event Detection using Twitter and Structured Semantic Query Expansion",
	author = "Heather S. Packer and Sina Samangooei and Jonathon S. Hare and Nicholas Gibbins and Paul H. Lewis",
	year = "2012",
	journal = "Proceedings of the 1st international workshop on Multimodal crowd sensing",
	publisher = "ACM",
	pages = "7 - 14"
}

@article{Stankovic2009,
	title = "Mapping Tweets to Conference Talks: A Goldmine for Semantics",
	author = "Milan Stankovic and Matthew Rowe and Philippe Laublet",
	year = "2009"
}

@article{Huang2011,
	title = "Realtime Social Sensing of Support Rate for Microblogging",
	author = "Jun Huang and Mizuho Iwaihara",
	year = "2011",
	journal = "Lecture Notes in Computer Science Volume",
	publisher = "Springer Berlin Heidelberg",
	pages = "357 - 368"
}

@article{Jansen2009,
	title = "Twitter Power: Tweets as Electronic Word of Mouth",
	author = "Bernard J. Jansen and Mimi Zhang and Kate Sobel and Abdur Chowdury",
	year = "2009",
	journal = "Journal of the American Society for Information Science and Technology",
	publisher = "ASIS and T"
}

@article{Java2007,
	title = "Why We Twitter: Understanding Microblogging Usage and Communities",
	author = "Akshay Java and Tim Finin and Xiaodan Song and Belle Tseng",
	journal = "9th WebKDD and 1st SNA-KDD 2007 workshop on Web mining and social network analysis",
	year = "2007",
	publisher = "ACM"
}

@article{Cox2007,
	title = "Improving Automatic Weather Observations with the Public Twitter Stream",
	author = "Jeff Cox, Beth Plale",
	year = "2011"
}

@article{Mai2012,
	title = "Twitter Interactions as a Data Source for Transportation Incidents",
	author = "Eric Mai and Rob Hranac",
	year = "2012",
	journal = "TRB 2013 Annual Meeting",
	publisher = "TRB"
}

@misc{Leetaru2013,
  title = "Mapping the world with Tweets",
  author = "Kalev Leetaru and Shaowen Wang and Guofeng Cao and Anand Padmanabhan and Eric Shook",
  year = "2013",
  url = "http://firstmonday.org/ojs/index.php/fm/article/view/4366/3654",
  urlaccessdate = "09/07/2013"
}

@article{Becker2011,
	title = "Beyond Trending Topics: Real-World Event Identification on Twitter",
	author = "Hila Becker and Mor Naaman and Luis Gravano",
	year = "2011",
	publisher = "Association for the Advancement of Artificial Intelligence",
	journal = "Fifth International AAAI Conference on Weblogs and Social Media"
}

@article{Takahashi2011,
	title = "Can Twitter Be an Alternative of Real-World Sensors?",
	author = "Tetsuro Takahashi and Shuya Abe and Nobuyuki Igata",
	year = "2011",
	publisher = "Springer-Verlag Berlin Heidelberg",
	journal = "Human-Computer Interaction, Part III",
	pages = "240 - 249"
}

@article{Naaman2010,
	title = "Is it really about me?: message content in social awareness streams",
	author = "Mor Naaman and Jeffrey Boase and Chih-Hui Lai",
	journal = "ACM conference on Computer supported cooperative work",
	publisher = "ACM",
	pages = "189 - 192",
	year = "2010",
	address = "New York, NY, USA"
}

@article{Yang1998,
	title = "A Study on Retrospective and On-Line Event",
	author = "Yiming Yang and Tom Pierce and Jaime Carbonell",
	year = "1998",
	journal = "ACM SIGIR conference on Research and development in information retrieval",
	publisher = "ACM",
	address = "New York, NY, USA",
	pages = "28 - 36"
}

@article{Weng2011,
	title = "Event Detection in Twitter",
	year = "2011",
	author = "Jianshu Weng and Bu-Sung Lee",
	journal = "Fifth International AAAI Conference on Weblogs and Social Media",
	publisher = "Association for the Advancement of Artificial Intelligence"
}

@article{Mathioudakis2010,
	title = "TwitterMonitor: trend detection over the twitter stream",
	author = "Michael Mathioudakis and Nick Koudas",
	pages = "1155 - 1158",
	journal = "2010 ACM SIGMOD International Conference on Management of data",
	publisher = "ACM"
}

@article{Iwakura2008,
	title = "A fast boosting-based learner for feature-rich tagging and chunking",
	author = "Tomoya Iwakura and Seishi Okamoto",
	pages = "17 - 24",
	year = "2008",
	journal = "Proceedings of the Twelfth Conference on Computational Natural Language Learning",
	publisher = "Association for Computational Linguistics"
}

@misc{Grigorik2008,
	title = "Support Vector Machines (SVM) in Ruby",
	author = "Ilya Grigorik",
	year = "2008",
	url = "https://www.igvita.com/2008/01/07/support-vector-machines-svm-in-ruby/",
	urlaccessdate = "30/06/2014"
}

@article{Kim2009,
	title = "Detecting Sadness in 140 Characters: Sentiment Analysis and Mourning Michael Jackson on Twitter",
	author = "Elsa Kim and Sam Gilbert",
	year = "2009",
	publisher = "Web Ecology Project"
}

@misc{PearAnalytics2009,
	title = "Twitter Study Reveals Interesting Results About Usage – 40% is Pointless Babble",
	author = "Ryan Kelly",
	year = "2009",
	url = "http://www.pearanalytics.com/blog/2009/twitter-study-reveals-interesting-results-40-percent-pointless-babble/",
	urlaccessdate = "25/03/2014"
}

@article{Bollen2011,
	title = "Modeling Public Mood and Emotion: Twitter Sentiment and Socio-Economic Phenomena",
	author = "Johan Bollen and Huina Mao and Alberto Pepe",
	year = "2011",
	journal = "Fifth International AAAI Conference on Weblogs and Social Media",
	publisher = "Association for the Advancement of Artificial Intelligence"
}

@article{Wang2013,
	title = "Real Time Event Detection in Twitter",
	author = "Xun Wang and Feida Zhu and Jing Jiang and Sujian Li",
	year = "2013",
	publisher = "Springer-Verlag Berlin Heidelberg",
	pages = "502 - 513",
	journal = "14th International Conference, WAIM"
}

@article{Jiang2009,
	title = "Event Detection Challenges, Methods, and Applications in Natural and Artificial Systems",
	author = "Wei Jiang and Alan F. Blumberg and Samuel E. Buttrey",
	year = "2009",
	publisher = "Lockheed Martin MS2",
	journal = "14th ICCRTS: “C2 and Agility”"
}

@techreport{ISOIEC15288,
	author = "ISO/IEC 15288:2008(E)",
	key = "ISO/IEC 15288:2008(E)",
	Institution = "International Organization for Standardization",
	address = "Geneva, Switzerland",
	Title = "Systems and software engineering — System life cycle processes",
	number = "ISO/IEC 15288:2008(E)",
	Type = "ISO",
	Year = "2008"
}

@techreport{ISOIEC24765,
	author = "ISO/IEC 24765:2010(E)",
	key = "ISO/IEC 24765:2010(E)",
	Institution = "International Organization for Standardization",
	address = "Geneva, Switzerland",
	Title = "Systems and software engineering — Vocabulary",
	number = "ISO/IEC 24765:2010(E)",
	Type = "ISO",
	Year = "2010"
}

@article{Joachims1998,
	title = "Text categorization with Support Vector Machines: Learning with many relevant features",
	author = "Thorsten Joachims",
	year = "1998",
	pages = "137 - 142",
	journal = "Machine Learning: ECML-98",
	publisher = "Springer Berlin Heidelberg"
}

@article{Santos2010,
	title = "Twitter, análise de sentimento e desenvolvimento de produtos: Quanto os usuários estão expressando suas opiniões?",
	author = "Leandro Matioli Santos and Ahmed Ali Abdalla Esmin and André Luiz Zambalde and Frank Mendes Nobre",
	year = "2010",
	publisher = "Prisma.com",
	number = "13"
}

@article{Pak2010,
	title = "Twitter as a Corpus for Sentiment Analysis and Opinion Mining",
	author = "Alexander Pak and Patrick Paroubek",
	year = "2010",
	publisher = "LREC"
}

@article{Benevenuto2010,
	title = "Detecting Spammers on Twitter",
	author = "Fabrício Benevenuto and Gabriel Magno and Tiago Rodrigues and Virgílio Almeida",
	year = "2010",
	publisher = "CEAS",
	series = "Seventh annual Collaboration, Electronic messaging, Anti- Abuse and Spam Conference"	
}

@article{Go2009,
	title = "Twitter Sentiment Classification using Distant Supervision",
	author = "Alec Go and Richa Bhayani and Lei Huang",
	year = "2009",
	publisher = "Stanford University",
	journal = "CS224N Project Report"
}

@article{Aggarwal2012,
	title = "A Survey of Text Classification Algorithms",
	author = "Charu C. Aggarwal and ChengXiang Zhai",
	year = "2012",
	publisher = "Springer US",
	pages = "162 - 222",
	booktitle = "Mining Text Data"
}

@misc{Reinaldo2011,
	title = "Controle Robusto via Otimização",
	author = "Reinaldo M. Palhares",
	publisher = "UFMG",
	url = "http://www.cpdee.ufmg.br/~palhares/bloco2_ftcr.pdf",
	urlaccessdate = "21/07/2014"
}

@article{Barbosa2010,
	title = "Robust sentiment detection on Twitter from biased and noisy data",
	author = "Luciano Barbosa and Junlan Feng",
	publisher = "Coling",
	journal = "Proceedings of the 23rd International Conference on Computational Linguistics",
	year = "2010",
	pages = "36-44"
}

@article{Fienberg2005,
	title = "Statistical issues and challenges associated with rapid detection of bio-terrorist attacks",
	author = "Stephen E. Fienberg and Galit Shmueli",
	publisher = "John Wiley and Sons",
	year = "2005",
	bootitle = "Statistics in Medicine"
}

@article{Allen1994,
	title = "Action and events in temporal logic",
	author = "James F. Allen and George Ferguson",
	year = "1994",
	journal = "Journal of Logic and Computation",
	volume = "4",
	issue = "5",
	pages = "531 - 579",
	publisher = "Oxford Journals"
}

@article{Salton1975,
	title = "A vector space model for automatic indexing",
	author = "G. Salton and A. Wong and C. S. Yang",
	publisher = "Communications of the ACM",
	pages = "613 - 620",
	volume = "18",
	issue = "11",
	year = "1975"
}

@misc{Raimond2007,
	title = "The event ontology",
	author = "Yves Raimond and Samer Abdallah",
	urlaccessdate = "30/01/2014",
	url = "http://motools.sourceforge.net/event/event.html",
	year = "2007"
}

@article{Dong2014,
  title     = "Multiscale Event Detection in Social Media",
  author    = "Xiaowen Dong and Dimitrios Mavroeidis and Francesco Calabrese and Pascal Frossard",
  journal   = "CoRR",
  volume    = "abs/1404.7048",
  year      = "2014",
  ee        = "http://arxiv.org/abs/1404.7048",
  bibsource = "DBLP, http://dblp.uni-trier.de"
}

@article{Olowe2014,
  author    = "Mariam Adedoyin-Olowe and Mohamed Medhat Gaber and Frederic Stahl",
  title     = "A Survey of Data Mining Techniques for Social Media Analysis",
  journal   = "CoRR",
  volume    = "abs/1312.4617",
  year      = "2013",
  ee        = "http://arxiv.org/abs/1312.4617",
  bibsource = "DBLP, http://dblp.uni-trier.de"
}

@article{Gupchup2009,
  author    = "Jayant Gupchup and
               Andreas Terzis and
               Randal C. Burns and
               Alexander S. Szalay",
  title     = "Model-Based Event Detection in Wireless Sensor Networks",
  journal   = "CoRR",
  volume    = "abs/0901.3923",
  year      = "2009",
  ee        = "http://arxiv.org/abs/0901.3923",
  bibsource = "DBLP, http://dblp.uni-trier.de"
}

@article{Soule2005,
	title = "Combining Filtering and Statistical Methods for Anomaly Detection",
	author = "Augustin Soule and Kavé Salamantian and Nina Taft",
	journal = "Internet Measurement Conference",
	year = "2005",
	publisher = "USENIX Association",
	pages = "331 - 344"
}

@article{Bertini2011,
	author = "Milos Krstajic and Enrico Bertini and Daniel A. Keim",
	title = "CloudLines: Compact Display of Event Episodes in Multiple Time-Series",
	journal = "IEEE Trans. Vis. Comput. Graph.",
	pages = "2432-2439",
	year = "2011",
}

@inproceedings{Ihler2006,
	author = "Alexander Ihler and Jon Hutchins and Padhraic Smyth",
	title = "Adaptive Event Detection with Time-varying Poisson Processes",
	booktitle = "Proceedings of the 12th ACM SIGKDD International Conference on Knowledge Discovery and Data Mining",
	series = "KDD '06",
	year = "2006",
	isbn = "1-59593-339-5",
	location = "Philadelphia, PA, USA",
	pages = "207-216",
	numpages = "10",
	publisher = "ACM",
	address = "New York, NY, USA"
} 

@article{Aiello2013,
	title = "Sensing trending topics in Twitter",
	author = "Luca Maria Aiello and Georgios Petkos and Carlos Martin and David Corney and Symeon Papadopoulos and Ryan Skraba and Ayse Go ̈ker and Yiannis Kompatsiaris and Alejandro Jaimes",
	year = "2013",
	publisher = "IEEE"
}

@article{Tumasjan2010,
	title = "Predicting Elections with Twitter: What 140 Characters Reveal about Political Sentiment",
	author = "Andranik Tumasjan and Timm O. Sprenger and Philipp G. Sandner and Isabell M. Welpe",
	year = "2010",
	publisher = "Association for the Advancement of Artificial Intelligence",
	address = "Munich, Germany"
}

@article{Stankovic2010,
	title = "Mapping Tweets to Conference Talks: A Goldmine for Semantics",
	author = "Milan Stankovic and Matthew Rowe and Philippe Laublet",
	year = "2010",
	journal = "Social Data on the Web Workshop at the International Semantic Web Conference",
	address = "Shanghai, China"
}

@article{Cox2011,
	title = "Improving Automatic Weather Observations with the Public Twitter Stream",
	author = "Jeff Cox and Beth Plale",
	year = "2011",
	journal = "IU School of Informatics and Computing",
	publisher = "Indiana University"
}

@article{Kivinen1997,
	title = "The perceptron algorithm versus winnow: linear versus logarithmic mistake bounds when few input variables are relevant ",
	author = "J. Kivinen and M.K. Warmuth and P. Auer",
	journal = "Artificial Intelligence ",
	volume = "97",
	number = "1–2",
	pages = "325 - 343",
	year = "1997",
	note = "Relevance ",
	issn = "0004-3702",
	doi = "http://dx.doi.org/10.1016/S0004-3702(97)00039-8",
	url = "http://www.sciencedirect.com/science/article/pii/S0004370297000398",
}

@article{Chapelle2002,
	year="2002",
	issn="0885-6125",
	journal="Machine Learning",
	volume="46",
	number="1-3",
	doi="10.1023/A:1012450327387",
	title="Choosing Multiple Parameters for Support Vector Machines",
	url="http://dx.doi.org/10.1023/A%3A1012450327387",
	publisher="Kluwer Academic Publishers",
	keywords="support vector machines; kernel selection; leave-one-out procedure; gradient descent; feature selection",
	author="Olivier Chapelle and Valdimir Vapnik and Olivier Bousquet and Sayan Mukherjee",
	pages="131-159",
	language="English"
}

@misc{Souza2010,
	author = "César R. Souza",
	title = "Kernel Functions for Machine Learning Applications",
	year = "2010",
	month = "Março",
	url = "http://crsouza.blogspot.com/2010/03/kernel-functions-for-machine-learning.html",
	urlaccessdate = "11/08/2014"
}

@book{Thomas2005, 
	title = "Illuminating the Path: The Research and Development Agenda for Visual Analytics", 
	author= "Kristin A. Cook and James J. Thomas", 
	year = "2005", 
	month = "Maio",
	publisher = "Pacific Northwest National Laboratory",
	location = "Richland, WA (US)"
}

@misc{Kim2013,
	title = "Everything You Wanted to Know about the Kernel Trick",
	author = "Eric Kim",
	year = "2013",
	month = "Setembro",
	url = "http://www.eric-kim.net/eric-kim-net/posts/1/kernel_trick.html",
	urlaccessdate = "05/08/2014"
}

@article{Turney2010,
	title = "From Frequency to Meaning: Vector Space Models of Semantics",
	author = "Peter D. Turney and Patrick Pantel",
	journal = "Journal of artificial intelligence research",
	publisher = "AI Access Foundation and National Research Council Canada",
	pages = "141-188",
	year = "2010"
}

@article{Zhicheng2013,
	author = "Zhicheng Liu and Biye Jiang and Jeffrey Heer",
	title = "imMens: Real-time Visual Querying of Big Data",
	year = "2013",
	publisher = "Blackwell Publishing Ltd.",
	pages = "421-430",
	volume = "32",
	number = "3pt4",
	journal = "Computer Graphics Forum"	
}

@inproceedings{Begoli2012, 
	author="E. Begoli and J. Horey", 
	booktitle="Software Architecture (WICSA) and European Conference on Software Architecture (ECSA), 2012 Joint Working IEEE/IFIP Conference on", 
	title="Design Principles for Effective Knowledge Discovery from Big Data", 
	year="2012", 
	month="Aug", 
	pages="215-218", 
}

@article{Gao2014,
  Title                    = "Sequential Summarization: A Full View of Twitter Trending Topics",
  Author                   = "Dehong Gao and Wenjie Li and Xiaoyan Cai and Renxian Zhang and You Ouyang",
  Year                     = "2014",
  Doi                      = "10.1109/TASL.2013.2282191",
  ISSN                     = "2329-9290",
  Month                    = "Fevereiro",
  Number                   = "2",
  Pages                    = "293-302",
  Volume                   = "22",
  Journal                  = "Audio, Speech, and Language Processing, IEEE/ACM Transactions on",
}

@inproceedings{Zleikha2014,
  Title                    = "Non-linguistic vocal event detection using online random forest",
  Author                   = "Abou-Zleikha, M. and Tan, Z.G. and Christensen, M.G. and Jensen, S.H.",
  Booktitle                = "Information and Communication Technology, Electronics and Microelectronics (MIPRO), 2014 37th International Convention on",
  Year                     = "2014",
  Doi                      = "10.1109/MIPRO.2014.6859773",
  Month                    = "Maio",
  Pages                    = "1326-1330",
}

@inproceedings{Hong2014,
  Title                    = "Detection of cyber intrusions using network-based multicast messages for substation automation",
  Author                   = "Junho Hong and Chen-Ching Liu and Govindarasu, M.",
  Booktitle                = "Innovative Smart Grid Technologies Conference (ISGT), 2014 IEEE PES",
  Year                     = "2014",
  Doi                      = "10.1109/ISGT.2014.6816375",
  Month                    = "Fevereiro",
  Pages                    = "1-5"
}

@inproceedings{Matuszka2013,
  Title                    = "On a keyword-lifecycle model for real-time event detection in social network data",
  Author                   = "Matuszka, T. and Vinceller, Z. and Laki, S.",
  Booktitle                = "Cognitive Infocommunications (CogInfoCom), 2013 IEEE 4th International Conference on",
  Year                     = "2013",
  Doi                      = "10.1109/CogInfoCom.2013.6719289",
  Month                    = "Dezembro",
  Pages                    = "453-458"
}

@book{Wasson2006,
	author = "Charles S. Wasson",
	title = "System Analysis, Design, and Development",
	year = "2006",
	publisher = "John Wiley and Sons, Inc.",
	location = "Hoboken, New Jersey"
}

@article{Ali2005,
	author = "Shawkat Ali and Kate A. Smith",
	title = "Kernal Width Selection for SVM Classification: A Meta-Learning Approach",
	volume = "1",
	issue = "4",
	journal = "International Journal of Data Warehousing and Mining",
	publisher = "IGI Publishing",
	year = "2005"
}

@article{Ozer2013,
	title = "A set of new Chebyshev kernel functions for support vector machine pattern classification ",
	journal = "Pattern Recognition ",
	volume = "44",
	number = "7",
	pages = "1435 - 1447",
	year = "2011",
	issn = "0031-3203",
	doi = "http://dx.doi.org/10.1016/j.patcog.2010.12.017",
	url = "http://www.sciencedirect.com/science/article/pii/S0031320311000021",
	author = "Sedat Ozer and Chi H. Chen and Hakan A. Cirpan"
}

@article{Megri2014,
	author = "Megri, Ahmed Cherif and Naqa, Issam El", 
	title = "Prediction of the thermal comfort indices using improved support vector machine classifiers and nonlinear kernel functions",
	year = "2014", 
	doi = "10.1177/1420326X14539693",
	URL = "http://ibe.sagepub.com/content/early/2014/07/11/1420326X14539693.abstract", 
	eprint = "http://ibe.sagepub.com/content/early/2014/07/11/1420326X14539693.full.pdf+html", 
	journal = "Indoor and Built Environment" 
}